<record><leader>00000cas a2200000 a 4500</leader><controlfield tag="001">33453755</controlfield><controlfield tag="008">951109c19959999aruer ne      0    0eng c</controlfield><datafield ind1=" " ind2=" " tag="010"><subfield code="a">sn 95078000 </subfield></datafield><datafield ind1=" " ind2=" " tag="040"><subfield code="a">AFU</subfield><subfield code="b">eng</subfield><subfield code="c">AFU</subfield><subfield code="d">ANU</subfield><subfield code="d">DLC</subfield><subfield code="d">OCL</subfield><subfield code="d">OCLCQ</subfield><subfield code="d">OCLCF</subfield><subfield code="d">OCLCO</subfield></datafield><datafield ind1="1" ind2=" " tag="029"><subfield code="a">AU@</subfield><subfield code="b">000012176644</subfield></datafield><datafield ind1=" " ind2=" " tag="042"><subfield code="a">pcc</subfield></datafield><datafield ind1=" " ind2=" " tag="043"><subfield code="a">n-us-ar</subfield></datafield><datafield ind1="0" ind2=" " tag="130"><subfield code="a">Ozark gazette (Fayetteville, Ark. : 1995)</subfield></datafield><datafield ind1="1" ind2="0" tag="245"><subfield code="a">Ozark gazette.</subfield></datafield><datafield ind1=" " ind2=" " tag="260"><subfield code="a">Fayetteville, Ark. :</subfield><subfield code="b">Ozark Gazette</subfield></datafield><datafield ind1=" " ind2=" " tag="300"><subfield code="a">v.</subfield></datafield><datafield ind1=" " ind2=" " tag="310"><subfield code="a">Biweekly</subfield></datafield><datafield ind1="0" ind2=" " tag="362"><subfield code="a">Vol. 3 [i.e. 1], no. 1 (May 1, 1995)-</subfield></datafield><datafield ind1=" " ind2=" " tag="500"><subfield code="a">"The community newspaper of the Ozarks."</subfield></datafield><datafield ind1=" " ind2=" " tag="515"><subfield code="a">Vol. 1, no. 1-6 misnumbered v. 3, no. 1-6.</subfield></datafield><datafield ind1=" " ind2="0" tag="651"><subfield code="a">Fayetteville (Ark.)</subfield><subfield code="v">Newspapers.</subfield></datafield><datafield ind1=" " ind2="0" tag="651"><subfield code="a">Washington County (Ark.)</subfield><subfield code="v">Newspapers.</subfield></datafield><datafield ind1=" " ind2="7" tag="655"><subfield code="a">Newspapers.</subfield><subfield code="2">fast</subfield><subfield code="0">(OCoLC)fst01423814</subfield></datafield><datafield ind1=" " ind2="7" tag="651"><subfield code="a">Arkansas</subfield><subfield code="z">Fayetteville.</subfield><subfield code="2">fast</subfield><subfield code="0">(OCoLC)fst01214641</subfield></datafield><datafield ind1=" " ind2="7" tag="651"><subfield code="a">Arkansas</subfield><subfield code="z">Washington County.</subfield><subfield code="2">fast</subfield><subfield code="0">(OCoLC)fst01214423</subfield></datafield><datafield ind1=" " ind2=" " tag="752"><subfield code="a">United States</subfield><subfield code="b">Arkansas</subfield><subfield code="c">Washington</subfield><subfield code="d">Fayetteville.</subfield></datafield><datafield ind1="0" ind2="0" tag="780"><subfield code="t">Fayetteville begin</subfield><subfield code="w">(DLC)sn 93050668</subfield></datafield></record>